<record><leader>00000cas a22000007a 4500</leader><controlfield tag="001">16068015</controlfield><controlfield tag="008">870624d18951895aludr ne      0    0eng d</controlfield><controlfield tag="009">2720</controlfield><datafield ind1=" " ind2=" " tag="010"><subfield code="a">sn 87050202 </subfield></datafield><datafield ind1=" " ind2=" " tag="040"><subfield code="a">AAR</subfield><subfield code="b">eng</subfield><subfield code="c">AAR</subfield><subfield code="d">CPN</subfield><subfield code="d">CNW</subfield></datafield><datafield ind1=" " ind2=" " tag="042"><subfield code="a">msc</subfield></datafield><datafield ind1="0" ind2=" " tag="130"><subfield code="a">Daily state (Birmingham, Ala.)</subfield></datafield><datafield ind1="0" ind2="4" tag="245"><subfield code="a">The Daily state.</subfield></datafield><datafield ind1=" " ind2=" " tag="260"><subfield code="a">Birmingham, Ala. :</subfield><subfield code="b">[s.n.],</subfield><subfield code="c">1895-</subfield></datafield><datafield ind1=" " ind2=" " tag="310"><subfield code="a">Daily (except Mon.)</subfield></datafield><datafield ind1="0" ind2=" " tag="362"><subfield code="a">Vol. 1, no. 1 (Mar. 24, 1895)-</subfield></datafield><datafield ind1="1" ind2=" " tag="362"><subfield code="a">Ceased in 1895.</subfield></datafield><datafield ind1=" " ind2=" " tag="752"><subfield code="a">United States</subfield><subfield code="b">Alabama</subfield><subfield code="c">Jefferson</subfield><subfield code="d">Birmingham.</subfield></datafield><datafield ind1="0" ind2=" " tag="775"><subfield code="t">Weekly state (Birmingham, Ala.)</subfield><subfield code="w">(DLC)sn 89050029</subfield></datafield><datafield ind1="0" ind2="7" tag="785"><subfield code="t">Birmingham age-herald (Birmingham, Ala. : 1890)</subfield><subfield code="w">(DLC)sn 84020639</subfield></datafield><datafield ind1="0" ind2="7" tag="785"><subfield code="t">Birmingham state herald</subfield><subfield code="w">(DLC)sn 85044812</subfield></datafield></record>